@misc{Popelova2016thesis,

	AUTHOR = "Popelová, Lucie",

	TITLE = "Zbraně budoucnosti: Stuxnet a jeho dopady na vývoj mezinárodních vztahů [online]",

	YEAR = "2016 [cit. 2024-11-11]",

	TYPE = "Bakalářská práce", 

	SCHOOL = "Masarykova univerzita, Fakulta sociálních studiíBrno",

	NOTE = "SUPERVISOR: Mgr. et Mgr. Jakub Fučík, Ph.D.", 

	URL = "https://theses.cz/id/r1bnth/",
}

@MISC{EB,
   author =       {Higgins, Malcolm},
   title =        {EternalBlue: What it is and how it works},
   editor =       {https://nordvpn.com/},
   month =        {April},
   year =         {2023},
   url = {https://nordvpn.com/blog/what-is-eternalblue/},
   note =         {[Online; posted 28-April-2023]},
 }